% Bibliography items for Term Paper Part 1.
%
% Think of this file as a database of various bibliography items,
% each with a key and multiple fields.
% You cite an item in your text with \cite{key}.

% This is a bibliography item of type article and key "ackoff:1994".
@article{ackoff:1994,
	author="{Russell L. Ackoff}",
	title={Systems thinking and thinking systems},
	journal="{System Dynamics Review}",
	year=1994,
	volume=10,
	number="2--3",
	pages="175--188",
	month="{Summer--Fall}"
}

@article{simon:1962,
	author="{Herbert A. Simon}",
	title={The Architecture of Complexity},
	journal="{Proceedings of the American Philosophical Society}",
	volume=106,
	number=6,
	pages="467--482",
	month="{12 December 1962}"
}

@inbook{boardman:sauser:2008,
	author="John Boardman and Brian Sauser",
	title={Systems Thinking: Coping with 21st Century Problems}, 
	chapter="2", 
	publisher="{CRC Press}", 
 	year=2008
}

@article{reason:2000,
	author="{James Reason}",
	title={Human error: models and management},
	journal="{BMJ}",
	year=2000,
	volume=320,
	pages="768--770"
}

@article{vonBertalanffy:1950,
	author="{Ludwig von Bertalanffy}",
	title={The Theory of Open Systems in Physics and Biology},
	journal="{Science}",
	year=1950,
	volume=111,
	pages="23--29"
}

@article{parnas:1985,
	author="{David Lorge Parnas}",
	title={Software Aspects of Strategic Defense Systems},
	journal="{Communications of the ACM}",
	year=1985,
	volume=28,
	number=12,
	pages="1326--1335",
	month=dec
}

@misc{klein:2021,
	title= {To Understand This Era, You Need to Think in Systems},
      	author= "{The Ezra Klein Show}",
      	howpublished="\url{https://www.nytimes.com/2021/02/02/opinion/ezra-klein-podcast-zeynep-tufecki.html}",
      	year= 2021
}

@inproceedings{10.1145/800217.806614,
author = {Lampson, Butler W.},
title = {Hints for Computer System Design},
year = {1983},
isbn = {0897911156},
publisher = {Association for Computing Machinery},
address = {New York, NY, USA},
url = {https://doi.org/10.1145/800217.806614},
doi = {10.1145/800217.806614},
abstract = {Experience with the design and implementation of a number of computer systems, and
study of many other systems, has led to some general hints for system design which
are described here. They are illustrated by a number of examples, ranging from hardware
such as the Alto and the Dorado to applications programs such as Bravo and Star.},
booktitle = {Proceedings of the Ninth ACM Symposium on Operating Systems Principles},
pages = {33–48},
numpages = {16},
location = {Bretton Woods, New Hampshire, USA},
series = {SOSP '83}
}

@article{lampson:1983,
	author = {Lampson, Butler W.},
	title = {Hints for Computer System Design},
	year = {1983},
	issue_date = {October 1983},
	publisher = {Association for Computing Machinery},
	address = {New York, NY, USA},
	volume = {17},
	number = {5},
	issn = {0163-5980},
	url = {https://doi.org/10.1145/773379.806614},
	doi = {10.1145/773379.806614},
	abstract = {Experience with the design and implementation of a number of computer systems, and
	study of many other systems, has led to some general hints for system design which
	are described here. They are illustrated by a number of examples, ranging from hardware
	such as the Alto and the Dorado to applications programs such as Bravo and Star.},
	journal = {SIGOPS Operating Systems Review},
	month = oct,
	pages = {33–48},
	numpages = {16}
}

@misc{lampson:1992,
	title= "{Principles for Computer System Design}",
      	author= {Lampson, Butler W.},
      	howpublished="\url{https://dl.acm.org/ft_gateway.cfm?id=2159562&type=pdf}",
      	year=1992,
     	note="ACM Turing Award lecture"
}